@Book{ C_PROG,
	title = "The C Programming Language",
	author = "Brian W. Kernighan and Dennis Ritchie",
	publisher = "Prentice Hall Software",
	year = 1988
}

@Manual{ ATMEGA_MANUAL,
	title = "  8-bit AVR Microcontroller with 64K/128K/256K • Bytes In-System • Programmable Flash ",
	organization = "ATMEL"
}

@TechReport{ STUD_TIMO,
	author = "Timo Klingeberg",
	title = "Entwicklung einer Motorsteuerung für zwei Getriebemotoren",
	institution = "Technische Universität Braunschweig",
	year = 2008
}

@Misc{ I2C_WIKI,
	author = "Wikipedia",
	howpublished = "Internet",
	title = "http://de.wikipedia.org/wiki/I²C"
}
